@article{lundberg2017unified,
  title={A unified approach to interpreting model predictions},
  author={Lundberg, Scott M and Lee, Su-In},
  journal={Advances in neural information processing systems},
  volume={30},
  year={2017}
}

@article{hendrycks2021cuad,
  title={CUAD: An expert-annotated NLP dataset for legal contract review},
  author={Hendrycks, Dan and Burns, Collin and Chen, Anya and Ball, Spencer},
  journal={Thirty-fifth Conference on Neural Information Processing Systems Datasets and Benchmarks Track},
  year={2021}
}

@article{chalkidis2020legal,
  title={LEGAL-BERT: The muppets straight out of law school},
  author={Chalkidis, Ilias and Fergadiotis, Manos and Malakasiotis, Prodromos and Aletras, Nikolaos and Androutsopoulos, Ion},
  journal={Findings of the Association for Computational Linguistics: EMNLP 2020},
  pages={2898--2904},
  year={2020}
}

@article{katz2017general,
  title={A general approach for predicting the behavior of the Supreme Court of the United States},
  author={Katz, Daniel Martin and Bommarito, Michael J and Blackman, Josh},
  journal={PloS one},
  volume={12},
  number={4},
  pages={e0174698},
  year={2017}
}

@article{zhong2018legal,
  title={Legal judgment prediction via topological learning},
  author={Zhong, Haoxi and Guo, Zhipeng and Tu, Cunchao and Xiao, Chaojun and Liu, Zhiyuan and Sun, Maosong},
  journal={Proceedings of the 2018 Conference on Empirical Methods in Natural Language Processing},
  pages={3540--3549},
  year={2018}
}

@article{sulea2017exploring,
  title={Exploring the use of text classification in the legal domain},
  author={Sulea, Octavia-Maria and Zampieri, Marcos and Malmasi, Shervin and Vela, Mihaela and Dinu, Liviu P and van Genabith, Josef},
  journal={Proceedings of the Second Workshop on Automated Semantic Analysis of Information in Legal Texts},
  year={2017}
}

@article{raffel2020t5,
  title={Exploring the limits of transfer learning with a unified text-to-text transformer},
  author={Raffel, Colin and Shazeer, Noam and Roberts, Adam and Lee, Katherine and Narang, Sharan and Matena, Michael and Zhou, Yanqi and Li, Wei and Liu, Peter J},
  journal={Journal of Machine Learning Research},
  volume={21},
  number={140},
  pages={1--67},
  year={2020}
}

@book{molnar2020interpretable,
  title={Interpretable machine learning},
  author={Molnar, Christoph},
  year={2020},
  publisher={Lulu.com}
}

@article{liu2021multilabel,
  title={Multi-label text classification with deep neural networks: A comprehensive review},
  author={Liu, Jingzhou and Chang, Wei-Cheng and Wu, Yuexin and Yang, Yiming},
  journal={ACM Computing Surveys},
  volume={54},
  number={5},
  pages={1--35},
  year={2021}
}

@article{paleyes2022challenges,
  title={Challenges in deploying machine learning: a survey of case studies},
  author={Paleyes, Andrei and Urma, Raoul-Gabriel and Lawrence, Neil D},
  journal={ACM Computing Surveys},
  volume={55},
  number={6},
  pages={1--29},
  year={2022}
}